@ARTICLE{AltonjiEtAl:1997,
	AUTHOR = {Joseph G. Altonji and Fumio Hayashi and Laurence J. Kotlikoff},
	TITLE = {Parental Altruism and Inter-Vivos: Theory and Evidence},
	JOURNAL = {Journal of Political Economy},
	YEAR = {1997},
	volume = {105},
	number = {6},
	pages = {1121-1166},
	month = {December},
}

@book{AuerbachKotlikoff:1987,
	Author = {Alan J. Auerbach and Lawrence J. Kotlikoff},
	Publisher = {Cambridge University Press},
	Title = {Dynamic Fiscal Policy},
	Year = {1987}}

@ARTICLE{Barro:1974,
	AUTHOR = {Robert J. Barro},
	TITLE = {Are Government Bonds Net Wealth?},
	JOURNAL = {Journal of Political Economy},
	YEAR = {1974},
	volume = {82},
	number = {6},
	pages = {1095-1117},
	month = {Nov./Dec.},
}

@ARTICLE{Becker:1974,
	AUTHOR = {Gary S. Becker},
	TITLE = {A Theory of Social Interactions},
	JOURNAL = {Journal of Political Economy},
	YEAR = {1974},
	volume = {82},
	number = {6},
	pages = {1063-1093},
	month = {Nov./Dec.},
}

@ARTICLE{BeckerTomes:1979,
	AUTHOR = {Gary S. Becker and Nigel Tomes},
	TITLE = {An Equilibrium Theory of the Distribution of Income and Intergenerational Mobility},
	JOURNAL = {Journal of Political Economy},
	YEAR = {1979},
	volume = {87},
	number = {6},
	pages = {1153-1189},
	month = {December},
}

@ARTICLE{BernheimEtAl:1985,
	AUTHOR = {B. Douglas Bernheim and Andrei Shleifer and Lawrence H. Summers},
	TITLE = {The Strategic Bequest Motive},
	JOURNAL = {Journal of Political Economy},
	YEAR = {1985},
	volume = {93},
	number = {6},
	pages = {1045-1076},
	month = {December},
}

@ARTICLE{Cox:1987,
	AUTHOR = {Donald Cox},
	TITLE = {Motives for Private Income Transfers},
	JOURNAL = {Journal of Political Economy},
	YEAR = {1987},
	volume = {95},
	number = {3},
	pages = {508-546},
	month = {June},
}

@ARTICLE{Cox:1990,
	AUTHOR = {Donald Cox},
	TITLE = {Intergenerational Transfers and Liquidity Constraints},
	JOURNAL = {Quarterly Journal of Economics},
	YEAR = {1990},
	volume = {105},
	number = {1},
	pages = {187-218},
	month = {February},
}

@ARTICLE{CoxJappelli:1990,
	AUTHOR = {Donald Cox and Tullio Jappelli},
	TITLE = {Credit Rationing and Private Transfers: Evidence from Survey Data},
	JOURNAL = {Review of Economics and Statistics},
	YEAR = {1990},
	volume = {72},
	number = {3},
	pages = {445-454},
	month = {August},
}

@ARTICLE{CoxRank:1992,
	AUTHOR = {Donald Cox and Mark R. Rank},
	TITLE = {Inter-Vivos Transfers and Intergenerational Exchange},
	JOURNAL = {Review of Economics and Statistics},
	YEAR = {1992},
	volume = {74},
	number = {2},
	pages = {305-314},
	month = {May},
}

@book{AuerbachKotlikoff:1987,
	Author = {Alan J. Auerbach and Lawrence J. Kotlikoff},
	Publisher = {Cambridge University Press},
	Title = {Dynamic Fiscal Policy},
	Year = {1987}}

@ARTICLE{CagettiDeNardi:2008,
	AUTHOR = {Marco Cagetti and Mariacristina {De Nardi}},
	TITLE = {Wealth Inequality: Data and Models},
	JOURNAL = {Macroeconomic Dynamics},
	YEAR = {2008},
	volume = {12},
	number = {Supplement S2},
	pages = {285-313},
	month = {September},
}

@TECHREPORT{Census:2015,
  AUTHOR = {{Census Bureau}},
  TITLE = {Annual Estimates of the Resident Population by Single Year of Age and Sex: April 1, 2010 to July 1, 2013 (both sexes)},
  INSTITUTION = {U.S. Census Bureau},
  YEAR = {2015},
  type = {National Characteristics},
  number = {Vintage 2013},
  address = {http://www.census.gov/popest/data/national/asrh/2013/index.html},
}

@article{Chatterjee:1994,
	Author = {Satyajit Chatterjee},
	Journal = {Journal of Public Economics},
	Month = {May},
	Number = {1},
	Pages = {97-119},
	Title = {Transitional Dynamics and the Distribution of Wealth in a Neoclassical Growth Model},
	Volume = {54},
	Year = {1994}}

@article{Chetty:2011,
	Author = {Raj Chetty and John N. Friedman and Tore Olsen and Luigi Pistaferri},
	Journal = {Quarterly Journal of Economics},
	Number = {2},
	Owner = {klp4},
	Pages = {749-804},
	Title = {Adjustment Costs, Firm Responses, and Micro vs. Macro Labor Supply Elasticities: Evidence from Danish Tax Records},
	Volume = {126},
	Year = {2011},
}

@techreport{DEMPRW2015,
	Author = {Jason DeBacker and Richard W. Evans and Evan Magnusson and Kerk L. Phillips and Shanthi Ramnath and Isaac Swift},
	Date-Added = {2015-03-20 21:41:13 +0000},
	Date-Modified = {2015-03-20 21:42:26 +0000},
	Institution = {Brigham Young University Macroeconomics and Computational Laboratory},
	Month = {September},
	Number = {2015-01},
	Title = {The Distributional Effects of Redistributional Tax Policy},
	Year = {2015}}

@UNPUBLISHED{DeBackerEtAl:2016,
	AUTHOR = {Jason DeBacker and Richard W. Evans and Kerk L. Phillips},
	TITLE = {Integrating Microsimulation Tax Functions into a DGE Macroeconomic Model: A Canonical Example},
	NOTE = {mimeo},
	year = {2016},
}

@ARTICLE{DeNardi:2004,
	AUTHOR = {Mariacristina {De Nardi}},
	TITLE = {Wealth Inequality and Intergenerational Links},
	JOURNAL = {Review of Economic Studies},
	YEAR = {2004},
	volume = {71},
	number = {3},
	pages = {743-768},
	month = {July},
}

@TECHREPORT{DeNardi:2015,
	AUTHOR = {Mariacristina {De Nardi}},
	INSTITUTION = {National Bureau of Economic Research},
	MONTH = {April},
	NUMBER = {No. 21106},
	TITLE = {Quantitative Models of Wealth Inequality: A Survey},
	type = {NBER Working Paper},
	YEAR = {2015},
}

@ARTICLE{DeNardiYang:2014,
	AUTHOR = {Mariacristina {De Nardi} and Fang Yang},
	TITLE = {Bequests and Heterogeneity in Retirement Wealth},
	JOURNAL = {European Economic Review},
	YEAR = {2014},
	volume = {72},
	pages = {182-196},
	month = {November},
}

@techreport{EvansPhillips:2015,
	Author = {Richard W. Evans and Kerk L. Phillips},
	Date-Added = {2015-03-20 21:41:13 +0000},
	Date-Modified = {2015-03-20 21:42:26 +0000},
	Institution = {Brigham Young University Macroeconomics and Computational Laboratory},
	Month = {March},
	Number = {2015-01},
	Title = {Advantages of an Ellipse when Modeling Leisure Utility},
	Year = {2015}}

@UNPUBLISHED{EvansEtAl:2016,
	AUTHOR = {Richard W. Evans and Parker Rogers and Jason DeBacker},
	TITLE = {A Multivariate Kernel Density Estimator for the Joint Distribution of Bequest Recipients},
	NOTE = {mimeo},
	year = {2016},
}

@ARTICLE{FarhiWerning:2010,
	AUTHOR = {Emmanuel Farhi and Iv\'{a}n Werning},
	TITLE = {Progressive Estate Taxation},
	JOURNAL = {Quarterly Journal of Economics},
	YEAR = {2010},
	volume = {125},
	number = {2},
	pages = {635-673},
	month = {May},
}

@ARTICLE{GaleScholz:1994,
	AUTHOR = {William G. Gale and John Karl Scholz},
	TITLE = {Intergenerational Transfers and the Accumulation of Wealth},
	JOURNAL = {Journal of Economic Perspectives},
	YEAR = {1994},
	volume = {8},
	number = {4},
	pages = {145-160},
	month = {Fall},
}

@article{GhiglinoShell:2003,
	Author = {Christian Ghiglino and Karl Shell},
	Journal = {Economic Theory},
	Number = {2/3},
	Pages = {399-421},
	Title = {The Economic Effects of Restrictions on Government Budget Deficits: Imperfect Private Credit Markets},
	Volume = {21},
	Year = {2003}}

@ARTICLE{GokhaleEtAl:2001,
	AUTHOR = {Jagadeesh Gokhale and Laurence J. Kotlikoff and James Sefton and Martin Weale},
	TITLE = {Simulating the Transmission of Wealth Inequality via Bequests},
	JOURNAL = {Journal of Public Economics},
	YEAR = {2001},
	volume = {79},
	number = {1},
	pages = {93-128},
	month = {January},
}

@techreport{GustmanSteinmeier:2008,
	Author = {Alan L. Gustman and Thomas Steinmeier},
	Institution = {National Bureau of Economic Research},
	Month = {June},
	Number = {14105},
	Title = {How Changes in Social Security Affect Recent Retirement Trends},
	Type = {{NBER} Working Paper},
	Year = {2008}}

@ARTICLE{Hurd:1989,
	AUTHOR = {Michael D. Hurd},
	TITLE = {Mortality Risk and Bequests},
	JOURNAL = {Econometrica},
	YEAR = {1989},
	volume = {57},
	number = {4},
	pages = {779-813},
	month = {July},
}

@article{KeaneRogerson:2012,
	Author = {Michael Keane and Richard Rogerson},
	Journal = {Journal of Economic Literature},
	Owner = {klp4},
	Timestamp = {2014.10.29},
	Title = {Micro and Macro Labor Supply Elasticities: A Reassessment of Conventional Wisdom},
	Volume = {50},
	Year = {2012}}

@article{KPR:1988,
	Author = {Robert G. King, and Charles I. Plosser and Sergio T. Rebelo},
	Journal = {Journal of Monetary Economics},
	Owner = {klp4},
	Timestamp = {2014.10.29},
	Title = {Production, Growth and Business Cycles I. The Basic Neoclassical Model},
	Volume = {21},
	Year = {1988}}

@ARTICLE{Kochar:1997,
	AUTHOR = {Anjini Kochar},
	TITLE = {An Empirical Investigation of Rationing Constraints in Rural Credit Markets in India},
	JOURNAL = {Journal of Development Economics},
	YEAR = {1997},
	volume = {53},
	number = {2},
	pages = {339-371},
	month = {August},
}

@ARTICLE{KotlikoffSummers:1981,
	AUTHOR = {Laurence J. Kotlikoff and Lawrence H. Summers},
	TITLE = {The Role of Intergenerational Transfers in Aggregate Capital Accumulation},
	JOURNAL = {Journal of Political Economy},
	YEAR = {1981},
	volume = {89},
	number = {4},
	pages = {706-732},
	month = {August},
}

@ARTICLE{Laitner:2001,
	AUTHOR = {John Laitner},
	TITLE = {Secular Changes in Wealth Inequality and Inheritance},
	JOURNAL = {Economic Journal},
	YEAR = {2001},
	volume = {111},
	number = {474},
	pages = {691-721},
	month = {October},
}

@ARTICLE{MartinEtAl:2015,
  AUTHOR = {Joyce A. Martin and Brady E. Hamilton and Michelle J. K. Osterman and Sally C. Curtin and T.J. Mathews},
  TITLE = {Births: Final Data for 2013},
  JOURNAL = {National Vital Statistics Reports},
  YEAR = {2015},
  volume = {64},
  number = {1},
  pages = {1-68},
  month = {January},
}

@ARTICLE{McGarrySchoeni:1995,
	AUTHOR = {Kathleen McGarry and Robert F. Schoeni},
	TITLE = {Transfer Behavior in the Health and Retirement Study: Measurement and the Redistribution of Resources within the Family},
	JOURNAL = {Journal of Human Resources},
	YEAR = {1995},
	volume = {30},
	number = {4 Supplement},
	pages = {S184-S226},
}

@article{MertensRavn:2011,
	Author = {Mertens, Karel and Ravn, Morten O.},
	Journal = {Review of Economic Dynamics},
	Owner = {klp4},
	Timestamp = {2014.11.24},
	Title = {Understanding the aggregate effects of anticipated and unanticipated tax policy shocks},
	Volume = {14},
	Year = {2011}}

@ARTICLE{Nishiyama:2002,
	AUTHOR = {Shinichi Nishiyama},
	TITLE = {Bequests, Inter Vivos Transfers, and Wealth Distribution},
	JOURNAL = {Review of Economic Dynamics},
	YEAR = {2002},
	volume = {5},
	number = {4},
	pages = {892-931},
	month = {October},
}

@techreport{Nishiyama:2004,
	Author = {Shinichi Nishiyama},
	Institution = {Congressional Budget Office},
	Month = {February},
	Number = {2004-03},
	Title = {Analyzing an Aging Population---A Dynamic General Equilibrium Approach},
	Type = {Technical Paper Series},
	Year = {2004}}

@techreport{Nishiyama:2003,
	Author = {Nishiyama, S.},
	Institution = {Congressional Budget Office},
	Month = {December},
	Number = {2003-12},
	Owner = {Evan},
	Timestamp = {2014.07.11},
	Title = {Analyzing Tax Policy Changes Using a Stochastic OLG Model with Heterogeneous Households},
	Type = {Technical Paper Series},
	Year = {2003}}

@article{NishiyamaSmetters:2007,
	Author = {Shinichi Nishiyama and Kent Smetters},
	Journal = {Quarterly Journal of Economics},
	Month = {November},
	Number = {4},
	Pages = {1677-1719},
	Title = {Does Social Security Privatization Produce Efficiency Gains?},
	Volume = {122},
	Year = {2007}}

@techreport{Peterman:2014,
	Author = {William B Peterman},
	Institution = {Federal Reserve Board of Governors},
	Title = {Reconciling Micro and Macro Estimates of the Frisch Labor Supply Elasticity: A Sensitivity Analysis},
	Year = {2014}}

@book{Piketty:2014,
	Author = {Thomas Piketty},
	Owner = {klp4},
	Publisher = {Harvard University Press},
	Timestamp = {2014.10.01},
	Title = {Capital in the Twenty-First Century},
	Year = {2014}}

@article{Piketty2011,
	Author = {Thomas Piketty},
	Journal = {Quarterly Journal of Economics},
	Number = {3},
	Pages = {1071-1131},
	Title = {On the Long-Run Evolution of Inheritance: France 1820--2050},
	Volume = {126},
	Year = {2011},
}

@article{PS2003,
	Author = {Thomas Piketty and Emmanuel Saez},
	Journal = {Quarterly Journal of Economics},
	Month = {February},
	Number = {1},
	Pages = {1-39},
	Title = {Income Inequality In The United States, 1913-1998},
	Volume = {118},
	Year = 2003,
}

@ARTICLE{PikettySaez:2013,
	AUTHOR = {Thomas Piketty and Emmanuel Saez},
	TITLE = {A Theory of Optimal Inheritance Taxation},
	JOURNAL = {Econometrica},
	YEAR = {2013},
	volume = {81},
	number = {5},
	pages = {1851-1886},
	month = {September},
}

@techreport{SaezZucman:2014,
	Author = {Emmanuel Saez and Gabriel Zucman},
	Title = {Wealth Inequality in the United States since 1913: Evidence from Capitalized Income Tax Data},
	Type = {Working Paper},
	Year = {2014}}

@ARTICLE{Schoeni:1997,
	AUTHOR = {Robert F. Schoeni},
	TITLE = {Private Interhousehold Transfers of Money and Time: New Empirical Evidence},
	JOURNAL = {Review of Income and Wealth},
	YEAR = {1997},
	volume = {43},
	number = {4},
	pages = {423-448},
	month = {December},
}

@TECHREPORT{SocSec:2015,
  AUTHOR = {Felicitie C. Bell and Michael L. Miller},
  TITLE = {Life Tables for the United States Social Security Area 1900-2100},
  INSTITUTION = {U.S. Social Security Administration},
  YEAR = {2015},
  type = {Actuarial Study},
  number = {120},
  address = {https://www.ssa.gov/oact/STATS/table4c6.html},
}

@article{Suzumura:1983,
	Author = {Kotaro Suzumura},
	Journal = {Hitotsubashi Journal of Economics},
	Pages = {137-141},
	Title = {Perron-Frobenius Theorm on Non-Negative Square Matrices: An Elementary Proof},
	Volume = {24},
	Year = {1983}}

@ARTICLE{Tomes:1981,
	AUTHOR = {Nigel Tomes},
	TITLE = {The Family, Inheritance, and the Intergenerational Transmission of Inequality},
	JOURNAL = {Journal of Political Economy},
	YEAR = {1981},
	volume = {89},
	number = {5},
	pages = {928-958},
	month = {October},
}

@ARTICLE{VentiWise:1988,
	AUTHOR = {Steven F. Venti and David A. Wise},
	TITLE = {The Cause of Wealth Dispersion at Retirement: Choice or Chance?},
	JOURNAL = {American Economic Review},
	YEAR = {1988},
	volume = {88},
	number = {2},
	pages = {185-191},
	month = {May},
}

@ARTICLE{Wang:2007,
	AUTHOR = {Neng Wang},
	TITLE = {An Equilibrium Model of Wealth Distribution},
	JOURNAL = {Journal of Monetary Economics},
	YEAR = {2007},
	volume = {54},
	number = {7},
	pages = {1882-1904},
	month = {October},
}

@ARTICLE{Wolff:1992,
	AUTHOR = {Edward N. Wolff},
	TITLE = {Changing Inequality of Wealth},
	JOURNAL = {American Economic Review},
	YEAR = {1992},
	volume = {82},
	number = {2},
	pages = {552-558},
	month = {May},
}

@ARTICLE{Wolff:1998,
	AUTHOR = {Edward N. Wolff},
	TITLE = {Recent Trends in the Size Distribution of Household Wealth},
	JOURNAL = {Journal of Economic Perspectives},
	YEAR = {1998},
	volume = {12},
	number = {3},
	pages = {131-150},
	month = {Summer},
}

@ARTICLE{WolffEtAl:2007,
	AUTHOR = {{Francois-Charles} Wolff and Seymour Spilerman and Claudine {Attias-Donfut}},
	TITLE = {Transfers from Migrants to Their Children: Evidence that Altruism and Cultural Factors Matter},
	JOURNAL = {Review of Income and Wealth},
	YEAR = {2007},
	volume = {53},
	number = {4},
	pages = {619-644},
	month = {December},
}

@BOOK{Wolff:2015,
	AUTHOR = {Edward N. Wolff},
	PUBLISHER = {Oxford University Press},
	TITLE = {Inheriting Wealth in America: Future Boom or Bust?},
	YEAR = {2015},
}

@TECHREPORT{Zissim:2001,
	AUTHOR = {Julie Zissimopoulos},
	TITLE = {Resource Transfers to the Elderly: Do Adult Children Substitute Financial Transfers for Time Transfers?},
	INSTITUTION = {RAND},
	YEAR = {2001},
	type = {RAND Labor and Population Program Working Paper Series},
	number = {01-05},
}


@book{Scott:2015,
Author = {David W. Scott},
Publisher = {John Wiley and Sons, Inc.},
Title = {Kernel Density Estimators, in Multivariate Density Estimation: Theory, Practice, and Visualization},
Year = {2015}

}

@book{Scott:2005,
Author = {David W. Scott, Stephan R. Sain},
Publisher = {John Wiley and Sons, Inc.},
Title = {9-Multidimensional Density Estimation},
Year = {2015}

}
@ARTICLE{Scott:2005,
	AUTHOR = {David W. Scott, Stephan R. Sain},
	TITLE = {9-Multidimensional Density Estimation},
	JOURNAL = { Handbook of statistics},
	YEAR = {2005},
	volume = {24},
	number = {},
	pages = {229-261},
	month = {Spring},
}

 @online{FED,
  author = {Board of Governers of the Federal Reserve System},
  title = {{Research Resources: Survey of Consumer Finances} About},
  year = 2015,
  url = {http://www.federalreserve.gov/econresdata/scf/aboutscf.htm},
  urldate = {2015-12-15}
}

@online{FEDweight,
  author = {Board of Governers of the Federal Reserve System},
  title = {{Files: Survey of Consumer Finances} Codebook},
  year = 2015,
  url = {http://www.federalreserve.gov/econresdata/scf/files/codebk2013.txt},
  urldate = {2015-10-20}
}

@online{StFed,
  author = {Federal Reserve Bank of St. Louis},
  title = {{FRED Economic Data} Index for All Urban Consumers: All Items},
  year = 2015,
  url = {https://research.stlouisfed.org/fred2/search?st=CPI},
  urldate = {2015-10-28}
}

@online{UMich,
  author = {Insititute for Social Research, University of Michigin},
  title = {{PSID} The Panel Study of Income Dynamics - PSID - is the longest running longitudinal household survey in the world. },
  year = 2015,
  url = {https://psidonline.isr.umich.edu/},
  urldate = {2016-1-19}
}
